%! Author = Xy
%! Date = 7/4/2023
@book{intro,title={An Introduction to Scientific Computing}}
